





















@article{doi:10.1080/1331677X.2021.1962380,
author = {Valentin Toader, Adina Letiţia Negrușa, Oana Ruxandra Bode and Rozalia Veronica Rus},
title = {Analysis of price determinants in the case of Airbnb listings},
journal = {Economic Research-Ekonomska Istraživanja},
volume = {35},
number = {1},
pages = {2493-2509},
year = {2022},
publisher = {Routledge},
doi = {10.1080/1331677X.2021.1962380},


URL = { 
    
        https://doi.org/10.1080/1331677X.2021.1962380
    
    

},
eprint = { 
    
        https://doi.org/10.1080/1331677X.2021.1962380
    
    

}

}


